<record><leader>01781cam a2200421 a 4500</leader><controlfield tag="001">1345344</controlfield><controlfield tag="008">901221s1985    mbc b   bmb       0 eng d</controlfield><datafield ind1=" " ind2=" " tag="016"><subfield code="a">870251511</subfield></datafield><datafield ind1=" " ind2=" " tag="020"><subfield code="a">0315146540</subfield></datafield><datafield ind1=" " ind2=" " tag="035"><subfield code="a">ocm16177219</subfield></datafield><datafield ind1=" " ind2=" " tag="037"><subfield code="b">Canadian Theses on Microfiche Service, National Library, Ottawa, Ont. K1A 0N4</subfield></datafield><datafield ind1=" " ind2=" " tag="040"><subfield code="a">CaOONL</subfield><subfield code="b">eng</subfield><subfield code="c">CaOONL</subfield></datafield><datafield ind1=" " ind2=" " tag="043"><subfield code="a">n-cn-n-</subfield></datafield><datafield ind1=" " ind2=" " tag="045"><subfield code="a">v1w2</subfield></datafield><datafield ind1=" " ind2=" " tag="049"><subfield code="a">AEU</subfield><subfield code="b">eng</subfield></datafield><datafield ind1="0" ind2="6" tag="055"><subfield code="a">Mic.F. TH- 14654</subfield></datafield><datafield ind1="0" ind2=" " tag="082"><subfield code="a">970</subfield><subfield code="2">19</subfield></datafield><datafield ind1="0" ind2=" " tag="090"><subfield code="a">FC 02 0266</subfield><subfield code="b">AEU</subfield></datafield><datafield ind1="1" ind2=" " tag="100"><subfield code="a">Sloan, William Alexander,</subfield><subfield code="d">1942-</subfield></datafield><datafield ind1="1" ind2="0" tag="245"><subfield code="a">Contact and enlightened co-operation</subfield><subfield code="h">[microform] :</subfield><subfield code="b">a history of the fur trade in the Arctic drainage lowlands, 1717-1821 /</subfield><subfield code="c">by William Alexander Sloan.</subfield></datafield><datafield ind1=" " ind2=" " tag="260"><subfield code="a">Manitoba :</subfield><subfield code="b">National Library of Canada,</subfield><subfield code="c">1985.</subfield></datafield><datafield ind1=" " ind2=" " tag="300"><subfield code="a">304 p.</subfield></datafield><datafield ind1=" " ind2=" " tag="336"><subfield code="a">text</subfield><subfield code="b">txt</subfield><subfield code="2">rdacontent</subfield></datafield><datafield ind1=" " ind2=" " tag="337"><subfield code="a">microform</subfield><subfield code="b">h</subfield><subfield code="2">rdamedia</subfield></datafield><datafield ind1=" " ind2=" " tag="338"><subfield code="a">volume</subfield><subfield code="b">nc</subfield><subfield code="2">rdacarrier</subfield></datafield><datafield ind1="0" ind2=" " tag="490"><subfield code="a">Canadian theses on microfiche</subfield></datafield><datafield ind1=" " ind2=" " tag="502"><subfield code="a">Thesis (Ph.D.)--University of Manitoba, 1985.</subfield></datafield><datafield ind1=" " ind2=" " tag="504"><subfield code="a">Bibliography: p. 270-304.</subfield></datafield><datafield ind1=" " ind2=" " tag="533"><subfield code="a">Microfiche.</subfield><subfield code="b">Ottawa :</subfield><subfield code="c">National Library of Canada,</subfield><subfield code="d">1988.</subfield><subfield code="e">4 microfiche.</subfield></datafield><datafield ind1=" " ind2=" " tag="596"><subfield code="a">43</subfield></datafield><datafield ind1="2" ind2="0" tag="610"><subfield code="a">Hudson's Bay Company</subfield><subfield code="x">History</subfield><subfield code="y">18th century.</subfield></datafield><datafield ind1="2" ind2="0" tag="610"><subfield code="a">North West Company</subfield><subfield code="x">History</subfield><subfield code="y">18th century.</subfield></datafield><datafield ind1=" " ind2="0" tag="650"><subfield code="a">Fur trade</subfield><subfield code="z">Northwest Territories</subfield><subfield code="z">Mackenzie</subfield><subfield code="x">History</subfield><subfield code="y">18th century.</subfield></datafield><datafield ind1=" " ind2="0" tag="650"><subfield code="a">Fur traders</subfield><subfield code="z">Northwest Territories</subfield><subfield code="z">Mackenzie</subfield><subfield code="x">History</subfield><subfield code="y">18th century.</subfield></datafield><datafield ind1=" " ind2="0" tag="650"><subfield code="a">Indians of North America</subfield><subfield code="z">Northwest Territories</subfield><subfield code="z">Mackenzie</subfield><subfield code="x">Material culture.</subfield></datafield><datafield ind1=" " ind2="0" tag="650"><subfield code="a">Athapascan Indians</subfield><subfield code="x">Cultural assimilation.</subfield></datafield><datafield ind1="0" ind2=" " tag="740"><subfield code="a">History of the fur trade in the Arctic drainage lowlands, 1717-1821.</subfield></datafield><datafield ind1=" " ind2=" " tag="926"><subfield code="a">FC 02 0266</subfield><subfield code="w">LC</subfield><subfield code="c">2</subfield><subfield code="i">0162020297154</subfield><subfield code="l">MICROFICHE</subfield><subfield code="m">UAHSS</subfield><subfield code="p">$150.00</subfield><subfield code="r">Y</subfield><subfield code="s">Y</subfield><subfield code="t">MICROFORM</subfield><subfield code="u">4/13/2005</subfield></datafield></record>